<?xml version="1.0" encoding="UTF-8"?><record xmlns="http://www.loc.gov/MARC21/slim" xmlns:cinclude="http://apache.org/cocoon/include/1.0" xmlns:zs="http://www.loc.gov/zing/srw/">
  <leader>00496nz  a2200145n  4500</leader>
  <controlfield tag="001">no2008107143</controlfield>
  <controlfield tag="003">DLC</controlfield>
  <controlfield tag="005">20080726080040.0</controlfield>
  <controlfield tag="008">080710n| acannaabn          |n aaa     c</controlfield>
  <datafield tag="010" ind1=" " ind2=" ">
    <subfield code="a">no2008107143</subfield>
  </datafield>
  <datafield tag="035" ind1=" " ind2=" ">
    <subfield code="a">(OCoLC)oca07829888</subfield>
  </datafield>
  <datafield tag="040" ind1=" " ind2=" ">
    <subfield code="a">ScCleU</subfield>
    <subfield code="b">eng</subfield>
    <subfield code="c">ScCleU</subfield>
  </datafield>
  <datafield tag="100" ind1="1" ind2=" ">
    <subfield code="a">Furman, Alester Garden,</subfield>
    <subfield code="d">1895-1980</subfield>
  </datafield>
  <datafield tag="670" ind1=" " ind2=" ">
    <subfield code="a">Strom Thurmond Gubernatorial series, 1923-1955</subfield>
    <subfield code="b">(Alester Garden Furman Jr.)</subfield>
  </datafield>
  <datafield tag="670" ind1=" " ind2=" ">
    <subfield code="a">Ancestry.com library edition WWW site, July 22, 2008:</subfield>
    <subfield code="b">SSDI (Alester Furman, 1895-1980)</subfield>
  </datafield>
</record>